@incollection{abowd1999towards,
year={1999},
isbn={978-3-540-66550-2},
booktitle={Handheld and Ubiquitous Computing},
volume={1707},
series={Lecture Notes in Computer Science},
editor={Gellersen, Hans-W.},
doi={10.1007/3-540-48157-5_29},
title={Towards a Better Understanding of Context and Context-Awareness},
publisher={Springer Berlin Heidelberg},
author={Abowd, Gregory D. and Dey, Anind K. and Brown, Peter J. and Davies, Nigel and Smith, Mark and Steggles, Pete},
pages={304-307},
language={English}
}

@inproceedings{aehnelt2012discussion,
 author = {Aehnelt, Mario and Peter, Christian and M\"{u}sebeck, Petra},
 title = {A Discussion of Using Mental Models in Assistive Environments},
 booktitle = {Proceedings of the 5th International Conference on PErvasive Technologies Related to Assistive Environments},
 series = {PETRA '12},
 year = {2012},
 isbn = {978-1-4503-1300-1},
 location = {Heraklion, Crete, Greece},
 pages = {37:1--37:5},
 articleno = {37},
 numpages = {5}, 
 acmid = {2413145},
 publisher = {ACM},
 address = {New York, NY, USA},
 keywords = {acceptance, human computer interaction, interaction design, mental models, usability, user-centric design},
} 

@inproceedings{alves2013radiator,
 author = {Alves, Pedro and Ferreira, Paulo},
 title = {Radiator: Context Propagation Based on Delayed Aggregation},
 booktitle = {Proceedings of the 2013 Conference on Computer Supported Cooperative Work},
 series = {CSCW '13},
 year = {2013},
 isbn = {978-1-4503-1331-5},
 location = {San Antonio, Texas, USA},
 pages = {249--260},
 numpages = {12}, 
 acmid = {2441806},
 publisher = {ACM},
 address = {New York, NY, USA},
 keywords = {context propagation, privacy, scalability},
} 

@article{anhalt2001toward, 
author={Anhalt, J. and Smailagic, A. and Siewiorek, D.P. and Gemperle, F. and Salber, D. and Weber, S. and Beck, J. and Jennings, J.}, 
journal={Intelligent Systems, IEEE}, 
title={Toward context-aware computing: experiences and lessons}, 
year={2001}, 
month={May}, 
volume={16}, 
number={3}, 
pages={38-46}, 
keywords={mobile computing;portable computers;activity attention framework;context-aware computing;mobile computing;pervasive computing environment;spatial aspects;temporal aspects;wearable computers;Bandwidth;Broadcasting;Collaboration;Context awareness;Context-aware services;Costs;Legged locomotion;Moore's Law;Process design;Watches}, 
ISSN={1541-1672},}

@article{antunes2008structuring,
 author = {Antunes, Pedro and Herskovic, Valeria and Ochoa, Sergio F. and Pino, Jose A.},
 title = {Structuring Dimensions for Collaborative Systems Evaluation},
 journal = {ACM Comput. Surv.},
 issue_date = {February 2012},
 volume = {44},
 number = {2},
 month = mar,
 year = {2008},
 issn = {0360-0300},
 pages = {8:1--8:28},
 articleno = {8},
 numpages = {28},
 acmid = {2089128},
 publisher = {ACM},
 address = {New York, NY, USA},
 keywords = {Collaborative systems evaluation, evaluation dimensions, evaluation guidelines, human-computer interaction, interaction assessment},
} 


@article{antunes2014reviewing,
title = {Reviewing the quality of awareness support in collaborative applications},
journal = {Journal of Systems and Software},
volume = {89},
number = {0},
pages = {146 - 169},
year = {2014},
issn = {0164-1212},
author = {Pedro Antunes and Valeria Herskovic and Sergio F. Ochoa and Jos\'e A. Pino},
keywords = {Awareness},
keywords = {Formative evaluation},
keywords = {Collaborative applications},
keywords = {Software quality}
}

@article{ardissono2012context,
year={2012},
issn={0924-1868},
journal={User Modeling and User-Adapted Interaction},
volume={22},
number={3},
title={Context-dependent awareness support in open collaboration environments},
publisher={Springer Netherlands},
keywords={Personalized awareness information support; Notification management policies; Interruption management; Collaboration environments; Context awareness; Web 2.0},
author={Ardissono, Liliana and Bosio, Gianni},
pages={223-254},
language={English}
}

@inproceedings{arias2012platform,
author={Arias-Baez, M.P. and Torres-Ribero, L.G. and Carrillo-Ramos, A. and Quimbaya, A.P. and Gonzalez, E.}, 
booktitle={Computing Congress (CCC), 2012 7th Colombian}, 
title={Platform based on agents for support to the collaboration of work teams}, 
year={2012}, 
month={Oct}, 
pages={1-6}, 
keywords={groupware;software agents;AYLLU collaboration model;AYLLU distributed architecture;interaction protocols;platform based on agents;rational agents;software agents;work teams collaboration;Collaborative software;Collaborative work;Education;Resource management;Silicon;Software;Adaptation;Agent Platform;Collaboration;Distributed System;Education;Resource Management}, 
}

@inproceedings{brezillon2004context,
  title={Context-awareness in group work: Three case studies},
  author={Br{\'e}zillon, P and Borges, M and Pino, JA and Pomerol, J-Ch},
  booktitle={Proc. of},
  year={2004}
}

@incollection{cruz2012towards,
  year={2012},
  isbn={978-3-642-33283-8},
  booktitle={Collaboration and Technology},
  volume={7493},
  series={Lecture Notes in Computer Science},
  editor={Herskovic, Valeria and Hoppe, H.Ulrich and Jansen, Marc and Ziegler, Jürgen},  
  title={Towards an Overarching Classification Model of CSCW and Groupware: A Socio-technical Perspective},  
  publisher={Springer Berlin Heidelberg},
  keywords={CSCW; groupware; taxonomy; classification scheme; meta-review; socio-technical requirements; group process support},
  author={Cruz, Armando and Correia, Ant\'onio and Paredes, Hugo and Fonseca, Benjamim and Morgado, Leonel and Martins, Paulo},
  pages={41-56}
  }

@article{decouchant2013adapting,
title = {Adapting groupware systems to changes in the collaborator's context of use},
journal = {Expert Systems with Applications},
volume = {40},
number = {11},
pages = {4446 - 4462},
year = {2013},
issn = {0957-4174},
author = {Dominique Decouchant and Sonia Mendoza and Gabriela Sánchez and Jos\'e Rodríguez},
keywords = {Adaptive groupware systems},
keywords = {Context of use},
keywords = {Dynamic collaborative environments},
keywords = {Context-aware computing},
keywords = {Contextual variables} 
}

@article{dey1999architecture,
  title={An architecture to support context-aware applications},
  author={Dey, Anind K and Salber, Daniel and Futakawa, Masayasu and Abowd, Gregory D},
  year={1999},
  publisher={Georgia Institute of Technology}
}


@article{dey2001conceptual,
author = {Dey, Anind K. and Abowd, Gregory D. and Salber, Daniel},
 title = {A Conceptual Framework and a Toolkit for Supporting the Rapid Prototyping of Context-aware Applications},
 journal = {Hum.-Comput. Interact.},
 issue_date = {December 2001},
 volume = {16},
 number = {2},
 month = dec,
 year = {2001},
 issn = {0737-0024},
 pages = {97--166},
 numpages = {70}, 
 acmid = {1463110},
 publisher = {L. Erlbaum Associates Inc.},
 address = {Hillsdale, NJ, USA},
} 

@inproceedings{dourish1992awareness,
  author = {Dourish, Paul and Bellotti, Victoria},
   title = {Awareness and Coordination in Shared Workspaces},
   booktitle = {Proceedings of the 1992 ACM Conference on Computer-supported Cooperative Work},
   series = {CSCW '92},
   year = {1992},
   isbn = {0-89791-542-9},
   location = {Toronto, Ontario, Canada},
   pages = {107--114},
   numpages = {8},   
   acmid = {143468},
   publisher = {ACM},
   address = {New York, NY, USA},
   keywords = {awareness, coordination, information sharing, shared feedback, shared workspaces},
  } 

@inproceedings{el2011distributed,
  author={El Ghayam, Y. and Erradi, M.}, 
  booktitle={New Technologies of Distributed Systems (NOTERE), 2011 11th Annual International Conference on}, 
  title={Distributed Context Management in Collaborative Environment}, 
  year={2011}, 
  month={May}, 
  pages={1-8}, 
  keywords={decision trees;medical computing;mobile agents;ubiquitous computing;collaborative user information;context adaptation task;context-aware selection algorithm;context-awareness management;decision tree-based approach;distributed collaborative environment;distributed context management;e-health application;mobile agent paradigm;Availability;Collaboration;Computer architecture;Context;Decision trees;Mobile agents;Mobile communication},  
  ISSN={2162-1896},}

@article{ellis1990design,
  title={Design and use of a group editor},
  author={Ellis, Clarence and Gibbs, Simon J and Rein, Gail},
  journal={Engineering for Human-Computer Interaction},
  volume={13},
  pages={28},
  year={1990},
  publisher={North-Holland, Amsterdam}
}

@article{ellis1991groupware,
  author = {Ellis, Clarence A. and Gibbs, Simon J. and Rein, Gail},
   title = {Groupware: Some Issues and Experiences},
   journal = {Commun. ACM},
   issue_date = {Jan. 1991},
   volume = {34},
   number = {1},
   month = jan,
   year = {1991},
   issn = {0001-0782},
   pages = {39--58},
   numpages = {20},  
   acmid = {99987},
   publisher = {ACM},
   address = {New York, NY, USA},
  }

@inproceedings{ellis1994conceptual,
  author = {Ellis, Clarence and Wainer, Jacques},
   title = {A Conceptual Model of Groupware},
   booktitle = {Proceedings of the 1994 ACM Conference on Computer Supported Cooperative Work},
   series = {CSCW '94},
   year = {1994},
   isbn = {0-89791-689-1},
   location = {Chapel Hill, North Carolina, USA},
   pages = {79--88},
   numpages = {10},   
   acmid = {192878},
   publisher = {ACM},
   address = {New York, NY, USA},
   keywords = {CSCW, collaboration technology, coordination model, groupware, ontological model, system modelling, user interface model},
  }
  
@inproceedings{gallardo2012framework,
 author = {Gallardo, Jes\'{u}s and Molina, Ana Isabel and Bravo, Crescencio},
 title = {A Framework for the Design of Awareness Support in Collaborative Situations of Implicit Interaction},
 booktitle = {Proceedings of the 13th International Conference on Interacci\'on Persona Ordenador},
 series = {INTERACCION '12},
 year = {2012},
 isbn = {978-1-4503-1314-8},
 location = {Elche, Spain},
 pages = {7:1--7:2},
 articleno = {7},
 numpages = {2},
 acmid = {2379643},
 publisher = {ACM},
 address = {New York, NY, USA},
 keywords = {ambient intelligence, awareness support in collaborative systems, implicit human-computer interaction, model-driven development},
}

@article{gross2013supporting,
  title={Supporting effortless coordination: 25 years of awareness research},
  author={Gross, Tom},
  journal={Computer Supported Cooperative Work (CSCW)},
  volume={22},
  number={4-6},
  pages={425--474},
  year={2013},
  publisher={Springer}
}

@INPROCEEDINGS{guermah2013ontology, 
author={Guermah, H. and Fissaa, T. and Hafiddi, H. and Nassar, M. and Kriouile, A.}, 
booktitle={ISKO-Maghreb, 2013 3rd International Symposium}, 
title={Ontology based context aware e-learning system}, 
year={2013}, 
month={Nov}, 
pages={1-7}, 
keywords={computer aided instruction;ontologies (artificial intelligence);ubiquitous computing;CAS;ODM;context metamodel;context-aware service;ontology based context aware e-learning system;ontology definition metamodel;ubiquitous computing;Context;Context modeling;Context-aware services;Electronic learning;OWL;Ontologies;Unified modeling language;Context-aware service;ODM;Ontology;Ubiquitous Computing}, 
doi={10.1109/ISKO-Maghreb.2013.6728134},}

@inproceedings{gutwin1996supporting,
  author = {Gutwin, Carl and Greenberg, Saul and Roseman, Mark},
   title = {Supporting Awareness of Others in Groupware},
   booktitle = {Conference Companion on Human Factors in Computing Systems},
   series = {CHI '96},
   year = {1996},
   isbn = {0-89791-832-0},
   location = {Vancouver, British Columbia, Canada},
   pages = {205--},
   acmid = {257282},
   publisher = {ACM},
   address = {New York, NY, USA},
  }

@article{hoyos2013domain,
  title = "A domain-specific language for context modeling in context-aware systems ",
  journal = "Journal of Systems and Software ",
  volume = "86",
  number = "11",
  pages = "2890 - 2905",
  year = "2013",
  note = "",
  issn = "0164-1212",
  author = "Jos\'e R. Hoyos and Jes\'us Garc\'ia Molina and Juan A. Bot\'ia",
  keywords = "Model Driven Development",
  keywords = "Context modeling",
  keywords = "Context aware "
  }
  

@book{johansen1988groupware,
  author = {Johansen, Robert},
   title = {GroupWare: Computer Support for Business Teams},
   year = {1988},
   isbn = {0029164915},
   publisher = {The Free Press},
   address = {New York, NY, USA},
  } 

@article{kamoun2012fadyrcos,
  title = "FADYRCOS, a semantic interoperability framework for collaborative model-based dynamic reconfiguration of networked services ",
  journal = "Computers in Industry ",
  volume = "63",
  number = "8",
  pages = "756 - 765",
  year = "2012",
  note = "Special Issue on Sustainable Interoperability: The Future of Internet Based Industrial Enterprises ",
  issn = "0166-3615",
  author = "Aymen Kamoun and Saïd Tazi and Khalil Drira",
  keywords = "Collaboration",
  keywords = "Interoperability",
  keywords = "Semantic adaptation",
  keywords = "Dynamic reconfiguration "
  }
     
@inproceedings{malik2007future,
  title={Future challenges in context-aware computing},
  author={Malik, Nazir and Mahmud, Umar and Javed, Younus},
  booktitle={proceedings of the IADIS International Conference WWW/Internet},
  pages={306--310},
  year={2007}
}

@article{malone1994interdisciplinary,
   author = {Malone, Thomas W. and Crowston, Kevin},
   title = {The Interdisciplinary Study of Coordination},
   journal = {ACM Comput. Surv.},
   issue_date = {March 1994},
   volume = {26},
   number = {1},
   month = mar,
   year = {1994},
   issn = {0360-0300},
   pages = {87--119},
   numpages = {33},
   acmid = {174668},
   publisher = {ACM},
   address = {New York, NY, USA},
   keywords = {computer-supported cooperative work, coordination, coordination science, coordination theory, groupware},
  } 

@incollection{mittleman2008toward,
 year={2008},
 isbn={978-3-540-92830-0},
 booktitle={Groupware: Design, Implementation, and Use},
 volume={5411},
 series={Lecture Notes in Computer Science},
 editor={Briggs, RobertO. and Antunes, Pedro and de Vreede, Gert-Jan and Read, AaronS.},
 title={Toward a Taxonomy of Groupware Technologies},
 publisher={Springer Berlin Heidelberg},
 keywords={collaboration technology; computer-based collaboration-support products},
 author={Mittleman, DanielD. and Briggs, RobertO. and Murphy, John and Davis, Alanah},
 pages={305-317}
 }
 
@inproceedings{montane2013context,
  author={Montane-Jimenez, L.G. and Benitez-Guerrero, E. and Mezura-Godoy, C.}, 
  booktitle={Collaborative Computing: Networking, Applications and Worksharing (Collaboratecom), 2013 9th International Conference Conference on}, 
  title={A context-aware architecture for improving collaboration of users in Groupware systems}, 
  year={2013}, 
  month={Oct}, 
  pages={70-76}, 
  keywords={computer games;groupware;ubiquitous computing;CAGS;FPS video games;collaborative first-person-shooter video games;context-aware architecture;context-aware conceptual model;context-aware groupware system;entertainment;user collaboration;Collaborative software;Collaborative work;Context;Context modeling;Games;Market research;Communication Means;Computer-Supported Cooperative Work;Context-Aware;Groupware;Video Games},}
}

@article{pumareja2002evolutionary,
   number = {TR-CTIT-02-30},
            author = {Dulce {Pumareja} and Klaas {Sikkel}},
            series = {CTIT technical reports series},
           address = {Enschede, the Netherlands},
             title = {An evolutionary approach to groupware implementation: the context of requirements engineering in the socio-technical frame},
         publisher = {University of Twente, Centre for Telematics and Information Technology},
             pages = {1--27},
              year = {2002},                  
  }
  

@ARTICLE{schillit1994disseminating, 
author={Schilit, B.N. and Theimer, M.M.}, 
journal={Network, IEEE}, 
title={Disseminating active map information to mobile hosts}, 
year={1994}, 
month={Sept}, 
volume={8}, 
number={5}, 
pages={22-32}, 
keywords={computer networks;information dissemination;information services;mobile communication systems;network operating systems;telecommunication network management;telecommunication traffic;tracking;active map information dissemination;active map server;active map service;communications links;context-aware computing;located-objects;mobile distributed computing;mobile hosts;overload situations;unicast callbacks;Airports;Application software;Computer science;Context-aware services;Meeting planning;Mobile communication;Mobile computing;Optical computing;Printers;Workstations}, 
doi={10.1109/65.313011}, 
ISSN={0890-8044},}

@article{schmidt1992taking,
  year={1992},
  issn={0925-9724},
  journal={Computer Supported Cooperative Work (CSCW)},
  volume={1},
  number={1-2},
  doi={10.1007/BF00752449},
  title={Taking CSCW seriously},
  publisher={Kluwer Academic Publishers},
  keywords={CSCW; Cooperative Work; Articulation Work; Common information Space},
  author={Schmidt, Kjeld and Bannon, Liam},
  pages={7-40},
  language={English}
  }
  